@incollection{hernandez2014automatic,
  title={Automatic Estimation of Flow in Intelligent Tutoring Systems Using Neural Networks},
  author={Hernandez, Amaury and Garcia, Mario and Mancilla, Alejandra},
  booktitle={Recent Advances on Hybrid Approaches for Designing Intelligent Systems},
  pages={607--616},
  year={2014},
  publisher={Springer}
}

@article{bailey2007ims,
  title={IMS Simple Sequencing?},
  author={Bailey, Warwick},
  journal={behaviour},
  volume={6},
  pages={5},
  year={2007}
}

@article{csiksczentmihalyi2004flow,
  title={Flow: The psychology of optimal experience},
  author={Csiksczentmihalyi, Mihaly and Kolo, Castulus and Baur, Timo},
  journal={Australian Occupational Therapy Journal},
  volume={51},
  number={1},
  pages={3--12},
  year={2004}
}

@book{schacter2010psychology,
  title={Psychology (Loose Leaf)},
  author={Schacter, Daniel L and Gilbert, Daniel T and Wegner, Daniel M},
  year={2010},
  publisher={Macmillan Higher Education}
}

@inproceedings{d2008autotutor,
  title={AutoTutor detects and responds to learners affective and cognitive states},
  author={Dâ€™Mello, Sidney and Jackson, Tanner and Craig, Scotty and Morgan, Brent and Chipman, Patrick and White, Holly and Person, Natalie and Kort, Barry and el Kaliouby, Rana and Picard, Rosalind and others},
  booktitle={Proceedings of the Workshop on Emotional and Cognitive issues in ITS in conjunction with the 9th International Conference on Intelligent Tutoring Systems},
  pages={31--43},
  year={2008}
}

@inproceedings{woolf2007emotional,
  title={Emotional intelligence for computer tutors},
  author={Woolf, Beverly and Burelson, Winslow and Arroyo, Ivon},
  booktitle={Workshop on Modeling and Scaffolding Affective Experiences to Impact Learning at 13th International Conference on Artificial Intelligence in Education},
  pages={6--15},
  year={2007}
}

@book{lopez2011oxford,
  title={The Oxford handbook of positive psychology},
  author={Lopez, Shane J and Snyder, Charles R},
  year={2011},
  publisher={Oxford University Press}
}

@article{endler2012towards,
  title={Towards motivation-based adaptation of difficulty in e-learning programs},
  author={Endler, Anke and Rey, G{\"u}nter Daniel and Butz, Martin V},
  journal={Australasian Journal of Educational Technology},
  volume={28},
  number={7},
  pages={1119--1135},
  year={2012}
}

@article{schiefele1992interest,
  title={Interest as a predictor of academic achievement: A meta-analysis of research.},
  author={Schiefele, Ulrich and Krapp, Andreas and Winteler, Adolf},
  year={1992},
  publisher={Lawrence Erlbaum Associates, Inc}
}

@article{astleitneraptitude,
  title={An Aptitude-Treatment-Interaction-Approach on Motivation and Student's Self-Regulated Multimedia-Based Learning},
  author={Astleitner, Hermann and Koller, Maria},
  journal={Interactive educational multimedia: IEM},
  number={13},
  pages={11--23}
}

@article{carletta1996assessing,
  title={Assessing agreement on classification tasks: the kappa statistic},
  author={Carletta, Jean},
  journal={Computational linguistics},
  volume={22},
  number={2},
  pages={249--254},
  year={1996},
  publisher={MIT Press}
}

@article{keeley2008curvilinear,
  title={Curvilinear relationships between statistics anxiety and performance among undergraduate students: Evidence for optimal anxiety.},
  author={Keeley, Jared and Zayac, Ryan and Correia, Christopher},
  journal={Statistics Education Research Journal},
  volume={7},
  number={1},
  year={2008}
}

@inproceedings{epp2011identifying,
  title={Identifying emotional states using keystroke dynamics},
  author={Epp, Clayton and Lippold, Michael and Mandryk, Regan L},
  booktitle={Proceedings of the SIGCHI Conference on Human Factors in Computing Systems},
  pages={715--724},
  year={2011},
  organization={ACM}
}